@article{devans11,
	title = {The Internet of Things},
	author = {Dave Evans},
	journal = {How the Next Evolution of the Internet is Changing Everything, Whitepaper, Cisco Internet Business Solutions Group (IBSG)},
	year = {2011},
	url = {https://www.cisco.com/web/about/ac79/docs/innov/IoT_IBSG_0411FINAL.pdf}
}

@online{ghouston11,
	author = {Geoff Huston},
	title = {IPv4 Address Report, daily generated},
	date = {2015},
	url = {http://www.potaroo.net/tools/ipv4/index.html}
}

@online{gmcgraw12,
	author = {Gary McGraw},
	title = {Data supports need for security awareness training despite naysayers},
	date = {2012},
	url = {http://searchsecurity.techtarget.com/news/2240162630/Data-supports-need-for-awareness-training-despite-naysayers}
}

@online{aberdeen11,
	author = {Aberdeen Group},
	title = {Business Context: The Biggest No-Brainer in Security},
	date = {2011},
	url = {http://www.enterpriseittools.com/sites/default/files/Aberdeen_SecureAppsGetStarted.pdf}
}

@online{cmiller15,
	author = {Charlie Miller{,} Chris Valasek},
	title = {Remote Exploitation of an Unaltered Passenger Vehicle},
	date = {2015},
	url = {http://illmatics.com/Remote\%20Car\%20Hacking.pdf}
}

@online{hstutter06,
	author = {Herb Stutter},
	title = {C++/CLI Rationale},
	date = {2006},
	url = {http://www.gotw.ca/publications/C++CLIRationale.pdf}
}

@online{mstan14,
	author = {Mark Stanislav{,} Zach Lanier},
	title = {The Internet of Fails: Where IoT Has Gone Wrong and How We're Making It Right},
	date = {2014},
	url = {https://www.defcon.org/html/defcon-22/dc-22-speakers.html\#Stanislav}
}

@online{jnielsen12,
	author = {Jakob Nielsen},
	title = {User Satisfaction vs. Performance Metrics},
	date = {2012},
	url = {http://www.nngroup.com/articles/satisfaction-vs-performance-metrics/}
}

@inproceedings{ahowe12,
	title = {The psychology of security for the home computer user},
	author = {Adele E. Howe{,} Indrajit Ray{,} Mike Roberts{,} Malgorzata Urbanska{,} Zinta Byrne},
	booktitle = {Security and Privacy (SP), 2012 IEEE Symposium on},
	pages = {209--223},
	year = {2012},
	organization = {IEEE},
	url = {http://www.ieee-security.org/TC/SP2012/papers/4681a209.pdf}
}

@article{sfurnell07,
	title = {Assessing the security perceptions of personal Internet users},
	author = {Steven Furnell{,} Peter Bryant{,} Andy Phippen},
	journal = {Computers \& Security},
	volume = {26},
	number = {5},
	pages = {410--417},
	year = {2007},
	publisher = {Elsevier},
	url = {http://www.sciencedirect.com/science/article/pii/S0167404807000363}
}

@article{ecrist14,
	title = {A comparative usability study of two-factor authentication},
	author = {Emiliano De Cristofaro{,} Honglu Du{,} Julien Freudiger{,} Greg Norcie},
	journal = {arXiv preprint arXiv:1309.5344},
	year = {2013},
	url = {http://arxiv.org/pdf/1309.5344.pdf}
}

@article{gkreiz06,
	title = {Incorporating Security into the Enterprise Architecture Process},
	author = {Gregg Kreizman{,} Bruce Robertson},
	journal = {Gartner, Inc},
	year = {2006},
	url = {https://www.gartner.com/doc/488575}
}

@online{jpaglier14,
	author = {Jose Pagliery},
	title = {Heartbleed bug affects gadgets everywhere},
	date = {2014},
	url = {http://money.cnn.com/2014/04/11/technology/security/heartbleed-gear/}
}

@online{wfargo15,
	author = {Wells Fargo},
	title = {Data Security / PCI Mandatory Compliance Programs},
	date = {2015},
	url = {https://www.wellsfargo.com/biz/merchant/service/manage/risk/security}
}

@book{owasp4,
	author = {Matteo Meucci{,} Andrew Muller},
	title = {Open Web Application Security Project Testing Guide 4.0},
	date = {2014},
	url = {https://www.owasp.org/images/5/52/OWASP_Testing_Guide_v4.pdf}
}

@online{owasp10,
	author = {Open Web Application Security Project},
	title = {The Ten Most Critical Web Application Security Risks},
	date = {2013},
	url = {https://www.owasp.org/index.php/Category:OWASP_Top_Ten_Project}
}

@online{cvssv2,
	author = {Peter Mell{,} Karen Scarfone{,} Sasha Romanosky},
	title = {A Complete Guide to the Common Vulnerability Scoring System Version 2.0},
	date = {2007},
	url = {https://www.first.org/cvss/v2/guide}
}

@online{gplv3,
	author = {Free Software Foundation},
	title = {GNU General Public License, version 3},
	date = {2007},
	url = {https://www.gnu.org/licenses/gpl-3.0.html}
}

@online{mit,
	author = {Massachusetts Institute of Technology},
	title = {The MIT License},
	date = {1988},
	url = {https://opensource.org/licenses/MIT}
}

@online{pcicompl,
	author = {ControlScan},
	title = {PCI Compliance Guide},
	date = {2016},
	url = {https://www.pcicomplianceguide.org/pci-faqs-2/}
}

@article{rfc2828,
	title = {RFC 2828: Internet Security Glossary},
	author = {Robert W. Shirey},
	journal = {The Internet Society},
	pages = {13},
	year = {2000},
	url = {https://tools.ietf.org/html/rfc2828}
}

@article{nist80030,
	title = {NIST Special Publication 800-30: Guide for Conducting Risk Assessments},
	author = {Patrick D. Gallagher{,} Rebecca M. Blank},
	journal = {NIST Publications},
	year = {2012},
	url = {http://csrc.nist.gov/publications/nistpubs/800-30-rev1/sp800_30_r1.pdf}
}

@book{pcidss31,
	author = {Payment Card Industry Security Standards Council},
	title = {Payment Card Industry Data Security Standard, Version 3.1},
	date = {2015},
	url = {https://www.pcisecuritystandards.org/documents/PCI_DSS_v3-1.pdf}
}

@article{pcireq6,
	author = {Payment Card Industry Security Standards Council},
	title = {Information Supplement: Requirement 6.6 Code Reviews and Application Firewalls Clarified},
	date = {2008},
	url = {https://www.pcisecuritystandards.org/pdfs/infosupp_6_6_applicationfirewalls_codereviews.pdf}
}

@article{pcireq11,
	author = {Payment Card Industry Security Standards Council{,} Penetration Test Guidance Special Interest Group},
	title = {Information Supplement: Penetration Testing Guidance},
	date = {2015},
	url = {https://www.pcisecuritystandards.org/documents/Penetration_Testing_Guidance_March_2015.pdf}
}

@article{wash10,
	author = {State of Washington},
	title = {Engrossed Second Substitute House Bill 1149},
	journal = {Public Law},
	date = {2010},
	url = {http://apps.leg.wa.gov/documents/billdocs/2009-10/Pdf/Bills/Session\%20Laws/House/1149-S2.SL.pdf}
}

@article{hipaa96,
	author = {United States Congress},
	title = {Health Insurance Portability and Accountability Act},
	journal = {Public Law},
	volume = {104},
	pages = {191},
	year = {1996}
	url = {http://www.gpo.gov/fdsys/pkg/STATUTE-110/pdf/STATUTE-110-Pg1936.pdf}
}

@online{cert15,
	author = {Carnegie Mellon University{,} CERT Division},
	title = {About Us},
	date = {2015},
	url = {https://cert.org/about/}
}

@online{certro12,
	author = {Romanian Computer Emergency Response Team},
	title = {RFC 2350 description for CERT-RO},
	date = {2012},
	url = {https://www.cert-ro.eu/files/doc/RFC2350-CERT-RO.pdf}
}

@online{certhu13,
	author = {Government Incident Response Team of Hungary},
	title = {RFC 2350 description for GovCERT-Hungary},
	date = {2013},
	url = {http://www.cert-hungary.hu/en/node/17}
}

@online{certeu13,
	author = {Computer Emergency Response Team European Union Task Force},
	title = {RFC 2350 description for CERT-EU},
	date = {2013},
	url = {https://cert.europa.eu/static/RFC2350/RFC2350.pdf}
}

@article{nperlroth13,
	title = {Nations Buying as Hackers Sell Flaws in Computer Code},
	author = {Nicole Perlroth{,} David E. Sanger},
	journal = {New York Times},
	volume = {13},
	year = {2013},
	url = {http://www.nytimes.com/2013/07/14/world/europe/nations-buying-as-hackers-sell-computer-flaws.html}
}

@online{googlevrp15,
	author = {Google Application Security},
	title = {Google Vulnerability Reward Program Rules},
	date = {2015},
	url = {https://www.google.com/about/appsecurity/reward-program/}
}

@online{nvd15,
	author = {National Institute of Standards and Technology},
	title = {National Vulnerability Database},
	date = {2015},
	url = {https://nvd.nist.gov/}
}

@online{mzalewski15,
	author = {Michał Zalewski},
	title = {American Fuzzy Lop},
	date = {2015},
	url = {http://lcamtuf.coredump.cx/afl/}
}

@online{cpe22,
	author = {CPE 2.2 Specification},
	title = {Andrew Buttner{,} Neal Ziring},
	date = {2009},
	url = {https://cpe.mitre.org/files/cpe-specification_2.2.pdf}
}

@article{shovat15,
	title = {ShoVAT: Shodan-based vulnerability assessment tool for Internet-facing services},
	author = {Béla Genge{,} Călin Enăchescu},
	journal = {Security and Communication Networks},
	year = {2015},
	publisher = {Wiley Online Library},
	url = {http://www.ibs.ro/~bela/Papers/SCN2015.pdf}
}

@article{rfc2616,
	title = {RFC 2616: Hypertext Transfer Protocol -- HTTP/1.1},
	author = {Network Working Group},
	journal = {The Internet Society},
	year = {1999},
	url = {https://tools.ietf.org/html/rfc2616}
}
